<?xml version="1.0" encoding="UTF-8"?><collection xmlns="http://www.loc.gov/MARC21/slim"><record><leader>00345nam--2200133-i-4500</leader><controlfield tag="001">000030708</controlfield><controlfield tag="002">20161230</controlfield><controlfield tag="005">20161230201038</controlfield><controlfield tag="008">060222s1000------------r-----000-0-eng-d</controlfield><datafield ind1=" " ind2=" " tag="080"><subfield code="a">51(075.3)</subfield></datafield><datafield ind1=" " ind2=" " tag="245"><subfield code="a">Matemataici. manual pentru scoli profesionale</subfield></datafield><datafield ind1=" " ind2=" " tag="260"><subfield code="a">Bucuresti, Ed.Tehnnica, 1952, 256p</subfield></datafield><datafield ind1=" " ind2=" " tag="490"><subfield code="a">Rezervele De Munca</subfield></datafield><datafield ind1=" " ind2=" " tag="852"><subfield code="a">26401</subfield></datafield></record></collection>